@misc{Hashemi2018,
  author = {Sayed Hadi Hashemi},
  title = {{TensorFlow Runtime Tracing Metadata Visualization}},
  year = {2018},
  publisher = {GitHub},
  journal = {GitHub repository},
  howpublished = {\url{https://github.com/xldrx/tensorflow-runtime-metadata-visualization}},
}